@inproceedings{merrick2020explanation,
    title = {The explanation game: Explaining machine learning models using
             shapley values},
    author = {Merrick, Luke and Taly, Ankur},
    booktitle = {Machine Learning and Knowledge Extraction: 4th IFIP TC 5, TC 12
                 , WG 8.4, WG 8.9, WG 12.9 International Cross-Domain Conference,
                 CD-MAKE 2020, Dublin, Ireland, August 25--28, 2020, Proceedings
                 4},
    pages = {17--38},
    year = {2020},
    organization = {Springer},
}
