@article{shapley1953value,
    title = {A value for n-person games},
    author = {Shapley, Lloyd S and others},
    year = {1953},
    publisher = {Princeton University Press Princeton},
}

@book{branzei2008models,
    title = {Models in cooperative game theory},
    author = {Branzei, Rodica and Dimitrov, Dinko and Tijs, Stef},
    volume = {556},
    year = {2008},
    publisher = {Springer Science \& Business Media},
}

@inproceedings{merrick2020explanation,
    title = {The explanation game: Explaining machine learning models using
             shapley values},
    author = {Merrick, Luke and Taly, Ankur},
    booktitle = {Machine Learning and Knowledge Extraction: 4th IFIP TC 5, TC 12
                 , WG 8.4, WG 8.9, WG 12.9 International Cross-Domain Conference,
                 CD-MAKE 2020, Dublin, Ireland, August 25--28, 2020, Proceedings
                 4},
    pages = {17--38},
    year = {2020},
    organization = {Springer},
}

@article{zhang2022gstarx,
    title = {Gstarx: Explaining graph neural networks with structure-aware
             cooperative games},
    author = {Zhang, Shichang and Liu, Yozen and Shah, Neil and Sun, Yizhou},
    journal = {Advances in Neural Information Processing Systems},
    volume = {35},
    pages = {19810--19823},
    year = {2022},
}

@article{hamiache_value_1999,
    title = {A {Value} with {Incomplete} {Communication}},
    volume = {26},
    issn = {0899-8256},
    url = {https://www.sciencedirect.com/science/article/pii/S0899825698906418},
    doi = {10.1006/game.1998.0641},
    number = {1},
    urldate = {2024-01-27},
    journal = {Games and Economic Behavior},
    author = {Hamiache, Gérard},
    month = jan,
    year = {1999},
    keywords = {associated game, consistency, graph, nonnegative matrix,
                Perron–Frobenius theorem, value},
    pages = {59--78},
}

@article{hamiache_associated_2020,
    title = {Associated consistency, value and graphs},
    volume = {49},
    issn = {0020-7276, 1432-1270},
    url = {http://link.springer.com/10.1007/s00182-019-00688-y},
    doi = {10.1007/s00182-019-00688-y},
    language = {en},
    number = {1},
    urldate = {2024-01-30},
    journal = {International Journal of Game Theory},
    author = {Hamiache, Gérard and Navarro, Florian},
    month = mar,
    year = {2020},
    pages = {227--249},
}

@article{hamiache2001associated,
    title = {Associated consistency and Shapley value},
    author = {Hamiache, G{\'e}rard},
    journal = {International Journal of Game Theory},
    volume = {30},
    pages = {279--289},
    year = {2001},
    publisher = {Springer},
}

@article{myerson1977graphs,
    title = {Graphs and cooperation in games},
    author = {Myerson, Roger B},
    journal = {Mathematics of operations research},
    volume = {2},
    number = {3},
    pages = {225--229},
    year = {1977},
    publisher = {INFORMS},
}

@article{carvalho2019machine,
    title = {Machine learning interpretability: A survey on methods and metrics},
    author = {Carvalho, Diogo V and Pereira, Eduardo M and Cardoso, Jaime S},
    journal = {Electronics},
    volume = {8},
    number = {8},
    pages = {832},
    year = {2019},
    publisher = {MDPI},
}

@article{yuan2022explainability,
    title = {Explainability in graph neural networks: A taxonomic survey},
    author = {Yuan, Hao and Yu, Haiyang and Gui, Shurui and Ji, Shuiwang},
    journal = {IEEE transactions on pattern analysis and machine intelligence},
    volume = {45},
    number = {5},
    pages = {5782--5799},
    year = {2022},
    publisher = {IEEE},
}

@article{wu2023chemistry,
    title = {Chemistry-intuitive explanation of graph neural networks for
             molecular property prediction with substructure masking},
    author = {Wu, Zhenxing and Wang, Jike and Du, Hongyan and Jiang, Dejun and
              Kang, Yu and Li, Dan and Pan, Peichen and Deng, Yafeng and Cao,
              Dongsheng and Hsieh, Chang-Yu and others},
    journal = {Nature Communications},
    volume = {14},
    number = {1},
    pages = {2585},
    year = {2023},
    publisher = {Nature Publishing Group UK London},
}

@book{molnar2020interpretable,
    title = {Interpretable machine learning},
    author = {Molnar, Christoph},
    year = {2020},
    publisher = {Lulu. com},
}


